@article{lewis_computationalformfinding_2010,
  title = {Computational Form-Finding Methods for Fabric Structures},
  author = {Lewis, W J},
  year = {2010},
  number = {September 2008},
  doi = {10.1680/eacm.2008.161.3.139},
  keywords = {structural framework}
}


@book{bletzinger_fiftyyears_2011,
  title = {Fifty Years of Progress for Shell and Spatial Structures : In Celebration of the 50th Anniversary Jubilee of the {{IASS}} (1959-2009},
  author = {Bletzinger, K},
  year = {2011},
  publisher = {{International Association for Shell and Spatial Structures}},
  address = {{Madrid}},
  isbn = {978-1-907132-35-3}
}