% Manual Stuff
@misc{python,
	title = {Python},
	url = {https://www.python.org/},
	author = {The Python Software Foundation},
	year = {2021}
}

@misc{grasshopper,
	title = {Grasshopper},
	url = {https://www.grasshopper3d.com/},
	publisher = {Robert McNeel \& Associates},
	author = {Rutten, David},
	year = {2007}
}

@misc{rhino3d,
	title = {Rhinoceros3d},
	url = {https://www.rhino3d.com/},
	author = {{Robert McNeel \& Associates}},
	year = {2007}
}

@misc{blender,
    title = {Blender - Free and open {3D} creation software},
    author = {{Blender Online Community}},
    url = {http://www.blender.org},
    year = {2021}
    }

@misc{compas,
    title  = {{COMPAS}: A framework for computational research in architecture and structures},
    author = {Tom Van Mele and many others},
    note   = {http://compas.dev},
    year   = {2017-2021},
    doi    = {10.5281/zenodo.2594510},
    url    = {https://doi.org/10.5281/zenodo.2594510},
}